<?xml version="1.0" encoding="UTF-8"?><collection xmlns="http://www.loc.gov/MARC21/slim"><record><leader>00504nam--2200121-i-4500</leader><controlfield tag="001">000042944</controlfield><controlfield tag="002">20161230</controlfield><controlfield tag="005">20161230201043</controlfield><controlfield tag="008">060222s1000------------r-----000-0-eng-d</controlfield><datafield ind1=" " ind2=" " tag="080"><subfield code="a">002:001.89</subfield></datafield><datafield ind1=" " ind2=" " tag="245"><subfield code="a">Stiinta conducerii soscetatii in coditiile socialismului. actiunea legilor obiective in socialism si modalitati de folosire a cerintelor acestor logi in activitatea de conducere. teorii si concepte ale conducerii societatii. material documentar</subfield></datafield><datafield ind1=" " ind2=" " tag="260"><subfield code="a">Bucuresti, F.Ed.,1971. 114 P</subfield></datafield><datafield ind1=" " ind2=" " tag="852"><subfield code="a">42904</subfield></datafield></record></collection>